<collection xmlns="http://www.loc.gov/MARC21/slim">
<record>
  <leader>01234nam0a22002651i 450 </leader>
  <controlfield tag="001">IT\ICCU\CNCE\067146</controlfield>
  <controlfield tag="005">20061005000000.0</controlfield>
  <datafield tag="012" ind1=" " ind2=" ">
    <subfield code="a">usin iic- asio peci (3) 1504 (R)</subfield>
    <subfield code="2">fei</subfield>
  </datafield>
  <datafield tag="100" ind1=" " ind2=" ">
    <subfield code="a">20060907d1504        0itac0103    ba</subfield>
  </datafield>
  <datafield tag="101" ind1=" " ind2=" ">
    <subfield code="a">LAT</subfield>
  </datafield>
  <datafield tag="102" ind1=" " ind2=" ">
    <subfield code="a">IT</subfield>
  </datafield>
  <datafield tag="200" ind1="1" ind2=" ">
    <subfield code="a">Secunda pars Enneadum Marci Antonii Sabellici ab inclinatione Romani Imperii vsque ad annum 1504. Cum Epitome omnium librorum et indice litterarum ordine diggesto \!!</subfield>
  </datafield>
  <datafield tag="210" ind1=" " ind2=" ">
    <subfield code="e">Impressum Venetiis</subfield>
    <subfield code="h">1504 die XX Octobris</subfield>
  </datafield>
  <datafield tag="215" ind1=" " ind2=" ">
    <subfield code="a">\6!, CLI, \1! c.</subfield>
    <subfield code="d">fol</subfield>
  </datafield>
  <datafield tag="620" ind1=" " ind2=" ">
    <subfield code="a">IT</subfield>
    <subfield code="d">Venezia</subfield>
  </datafield>
  <datafield tag="700" ind1=" " ind2="1">
    <subfield code="a">Sabellico,</subfield>
    <subfield code="b">Marco Antonio</subfield>
    <subfield code="3">IT\ICCU\CNCA\001155</subfield>
  </datafield>
  <datafield tag="712" ind1="0" ind2="2">
    <subfield code="a">s.n.</subfield>
    <subfield code="3">IT\ICCU\CNCT\000002</subfield>
    <subfield code="4">650</subfield>
  </datafield>
  <datafield tag="790" ind1=" " ind2="1">
    <subfield code="a">Coccio,</subfield>
    <subfield code="b">Marcantonio</subfield>
    <subfield code="3">IT\ICCU\CNCA\008260</subfield>
    <subfield code="z">Sabellico, Marco Antonio</subfield>
  </datafield>
  <datafield tag="790" ind1=" " ind2="1">
    <subfield code="a">Sabellicus,</subfield>
    <subfield code="b">Marcus Antonius</subfield>
    <subfield code="3">IT\ICCU\CNCA\024070</subfield>
    <subfield code="z">Sabellico, Marco Antonio</subfield>
  </datafield>
  <datafield tag="801" ind1=" " ind2="3">
    <subfield code="a">IT</subfield>
    <subfield code="b">ICCU</subfield>
    <subfield code="c">20201115</subfield>
  </datafield>
  <datafield tag="899" ind1=" " ind2=" ">
    <subfield code="a">Biblioteca Zelantea. Acireale</subfield>
    <subfield code="1">CT0260</subfield>
    <subfield code="2">CAT ZE</subfield>
  </datafield>
  <datafield tag="899" ind1=" " ind2=" ">
    <subfield code="a">Biblioteca Estense Universitaria. Modena</subfield>
    <subfield code="1">MO0089</subfield>
    <subfield code="2">MOD BE</subfield>
  </datafield>
  <datafield tag="899" ind1=" " ind2=" ">
    <subfield code="a">Biblioteca centrale della Regione siciliana Alberto Bombace. Palermo</subfield>
    <subfield code="1">PA0064</subfield>
    <subfield code="2">PAL BP</subfield>
  </datafield>
  <datafield tag="899" ind1=" " ind2=" ">
    <subfield code="a">Biblioteca comunale Federiciana. Fano</subfield>
    <subfield code="1">PU0018</subfield>
    <subfield code="2">URB FN</subfield>
  </datafield>
  <datafield tag="899" ind1=" " ind2=" ">
    <subfield code="a">Biblioteca nazionale centrale. Roma</subfield>
    <subfield code="1">RM0267</subfield>
    <subfield code="2">BVE CR</subfield>
  </datafield>
</record>
</collection>
